\begin{thebibliography}{99}
@preamble{ " \newcommand{\noop}[1]{} " } % a do-nothing command that serves a purpose

@InProceedings{10.1007/BFb0109870,
	author="Bemporad, Alberto
	and Morari, Manfred",
	editor="Garulli, A.
	and Tesi, A.",
	title="Robust model predictive control: A survey",
	booktitle="Robustness in identification and control",
	year="1999",
	publisher="Springer London",
	address="London",
	pages="207--226",
	abstract="This paper gives an overview of robustness in Model Predictive Control (MPC). After reviewing the basic concepts of MPC, we survey the uncertainty descriptions considered in the MPC literature, and the techniques proposed for robust constraint handling, stability, and performance. The key concept of ``closedloop prediction'' is discussed at length. The paper concludes with some comments on future research directions.",
	isbn="978-1-84628-538-7"
}

@article{MAYNE2005219,
	title = "Robust model predictive control of constrained linear systems with bounded disturbances",
	journal = "Automatica",
	volume = "41",
	number = "2",
	pages = "219 - 224",
	year = "2005",
	issn = "0005-1098",
	doi = "https://doi.org/10.1016/j.automatica.2004.08.019",
	url = "http://www.sciencedirect.com/science/article/pii/S0005109804002870",
	author = "D.Q. Mayne and M.M. Seron and S.V. RakoviÄ‡",
	keywords = "Robust model predictive control, Robustness, Bounded disturbances"
}

@MISC{mpt,
	author  = {M. Kvasnica and P. Grieder and M. Baoti\'{c}},
	title   = {{Multi-Parametric Toolbox (MPT)}},
	url     = {http://control.ee.ethz.ch/~mpt/},
	year    = {2004},
}

\end{thebibliography}